% !TeX encoding = UTF-8
@article{GCC,
	author = {C. H. Knapp and G.C. Carter},
	title = {The Generalized Correlation Method for Estimation of Time Delay},
	journal = {IEEE Transaction on Acoustics, Speech, and Signal Processing},
	year = {1976},
	volume = {24},
	number = {4},
	month = {August},
	pages = {320--327},
	OPTnote = {note},
	OPTurl = {url},
}

@article{ASVspoof,
	author = {Zhizheng Wu and Junichi Yamagishi and Tomi Kinnunen and Cemal Hanil\c{c}i and Md Sahidullah and Aleksandr Sizov and Nicholas Evans and Massimiliano Todisco and H\'{e}ctor Delgado},
	title = {ASVspoof: the Automatic Speaker Verification Spoofing and Countermeasures Challenge},
	journal = {IEEE Journal on Selected Topics in Signal Processing},
	volume = {11},
	number = {4},
	pages = {588--604},
	year = {2017},
}

@inproceedings{ASVspoof2015,
	author = {Zhizheng Wu and Tomi Kinnunen and Nicholas Evans and Junichi Yamagishi and Cemal Hanil\c{c}i and Md Sahidullah and Aleksandr Sizov},
	title = {ASVspoof 2015: the First Automatic Speaker Verification Spoofing and Countermeasures Challenge},
	booktitle = {Interspeech 2015},
	pages = {2037--2041},
	month = {9},
	year = {2015},
}

@inproceedings{ASVspoof2017,
	author = {Tomi Kinnunen and Md Sahidullah and H\'{e}ctor Delgado and Massimiliano Todisco and Nicholas Evans and Junichi Yamagishi and Kong Aik Lee},
	title = {The ASVspoof 2017 Challenge: Assessing the Limits of Replay Spoofing Attack Detection},
	booktitle = {Interspeech 2017},
	pages = {2--6},
	year = {2017},
}

@inproceedings{yYyOyY_ExtRTFbHSP_MASJ2014s,
	author = {榎本 祐太 and 及川 靖広 and 山崎 芳男},
	title = {準同型処理を用いた室内伝達特性の抽出},
	booktitle = {日本音響学会 2014年春季研究発表会 講演論文集},
	pages = {741--742},
	year = {2014},
	month = {3},
}

@article{kuroda_EMM201903,
	author = {黒田 康弘 and 薗田 光太郎 and 喜安 千弥},
	title = {音のパンニング加工の検出に関する一検討},
	journal = {信学技報},
	year = {2019},
	volume = {118},
	number = {494},
	month = {3},
	pages = {320--327},
	note = {EMM2018-96},
	OPTurl = {url},
}

@inproceedings{groundICGCC,
	author = {矢野 凌也 and 塩田 さやか and 小野 順貴 and 貴家 仁志},
	title = {複数チャネル間の相互相関関数を用いた話者照合のためのなりすまし検出},
	booktitle = {日本音響学会 2018年秋季研究発表会 講演論文集},
	pages = {1335--1338},
	year = {2018},
	month = {9},
}

@techreport{ISO/IEC30107-1:2016,
	address = {Geneva, CH},
	type = {Standard},
	title = {Information technology — Biometric presentation attack detection},
	shorttitle = {{ISO}/{IEC} 30107-1:2016},
	url = {https://www.iso.org/standard/53227.html},
	language = {en},
	number = {ISO/IEC 30107-1:2016},
	institution = {International Organization for Standardization},
	author = {{ISO Central Secretary}},
	year = {2016},
}
